

@web_page{remaches,
   title = {Moodle fabricaci√≥n aeroespacial - Remaches y Herramientas},
   url = {https://moodle.upm.es/titulaciones/oficiales/pluginfile.php/11204279/mod_resource/content/7/Remaches%20y%20Herramientas%202022_23.pdf},
}
